@BOOK{Pravidla,
      author =       "Zdeněk Hlavsa and others",
      title =        "{\it Pravidla českého pravopisu}",
      publisher =    "Academia",
      year =         "2005",
      isbn =         "80-200-1327-X",
    }
    
    @MISC{jgraphx,
      title =        "{\it JGraphX (JGraph 6) User Manual}",
      url =          "https://github.com/jgraph/jgraphx",
      note =         "[Online; navštíveno 12.10.2017]"
    }
    
    @MISC{swing,
      title =        "{\it Lesson: Getting Started with Swing}",
      url =          "https://docs.oracle.com/javase/tutorial/uiswing/start/index.html",
      note =         "[Online; navštíveno 12.10.2017]"
    }
    
    @MISC{karger,
      author =       "Virginia Vassilevska Williams ",
      title =        "{\it Min Cut and Karger’s Algorithm}",
      year =         "2016",
      month =        May,
      url =          "http://web.stanford.edu/class/archive/cs/cs161/cs161.1166/lectures/lecture15.pdf",
      note =         "[Online; navštíveno 12.10.2017]"
   }
  